@ARTICLE{coins_2008,
	author	= {D.B.L. Bong and K.C. Ting and K.C. Lai},
	title		= {Integrated Approach in the Design of Car Park Occupancy Information System {(COINS)}},
	journal	= {IAENG International Journal of Computer Science},
	year		= {2008}
	}

@ARTICLE{sps_arch_2012,
	author	= {Amin Kianpisheh and Norlia Mustaffa and Pakapan Limtrairut and Pantea Keikhosrokiani},
	title		= {Smart Parking System {(SPS)} Architecture Using Ultrasonic Detector},
	journal	= {International Journal of Software Engineering and Its Applications},
	year		= {2012}
	}

@ARTICLE{cruising_for_parking_2007,
	author	= {Shoup, Donald},
	title		= {Cruising for Parking},
	journal	= {Access Magazine},
	year		= {2007}
	}

@CONFERENCE{rumor_routing_2002,
	author	= {Braginsky, David  and Estrin, Deborah},
	title		= {Rumor Routing Algorithm for Sensor Networks},
	booktitle	= {First Workshop on Sensor Networks and Applications {(WSNA)}},
	pages		= {1-12},
	year		= {2002}
	}
